<record>
  <leader>01256nem a2200277 a 4500</leader>
  <controlfield tag="001">991000097079702696</controlfield>
  <controlfield tag="005">20171105154256.0</controlfield>
  <controlfield tag="008">051118k19131921gw        b   r01   ger d</controlfield>
  <datafield tag="035" ind1=" " ind2=" ">
    <subfield code="a">(IL-JeALB)10308-972ai_inst</subfield>
  </datafield>
  <datafield tag="035" ind1=" " ind2=" ">
    <subfield code="a">10308</subfield>
    <subfield code="9">ExL</subfield>
  </datafield>
  <datafield tag="035" ind1=" " ind2=" ">
    <subfield code="a">map00000083</subfield>
  </datafield>
  <datafield tag="100" ind1="1" ind2=" ">
    <subfield code="a">Schumacher, G</subfield>
  </datafield>
  <datafield tag="245" ind1="1" ind2="0">
    <subfield code="a">Karte des Ostjordanlandes.</subfield>
    <subfield code="h">[map]</subfield>
  </datafield>
  <datafield tag="255" ind1=" " ind2=" ">
    <subfield code="a">Scale 1:63,360.</subfield>
  </datafield>
  <datafield tag="260" ind1=" " ind2=" ">
    <subfield code="a">Leipzig :</subfield>
    <subfield code="b">Deutschen Verein zur Erforschung Palaestinas,</subfield>
    <subfield code="b">Rudolf Haupt,</subfield>
    <subfield code="c">1913-1921</subfield>
  </datafield>
  <datafield tag="300" ind1=" " ind2=" ">
    <subfield code="a">1 map on 8 sheets ;</subfield>
    <subfield code="c">59.5 x 69.5 cm. or smaller, on 8 sheets 74 x 51 cm. or smaller.</subfield>
  </datafield>
  <datafield tag="500" ind1=" " ind2=" ">
    <subfield code="a">Sheets are numbered but not titled.</subfield>
  </datafield>
  <datafield tag="505" ind1="0" ind2=" ">
    <subfield code="a">Sheets: A1/2 (1913) -- A3 (1920) -- A4 -- A5 -- B3 (1920) -- B4 (1920) -- B5 -- C4 (1921).</subfield>
  </datafield>
  <datafield tag="506" ind1=" " ind2=" ">
    <subfield code="a">Will require conservation work before use.</subfield>
  </datafield>
  <datafield tag="595" ind1=" " ind2=" ">
    <subfield code="a">Sheet sizes: A1/2, 67 x 58 cm.; A3, 55 x 52 cm.; A4, 64 x 53 cm.; A5, 69 x 64 cm.; B3, 74 x 51 cm.; B4, 60 x 51 cm.; B5, 69 x 63 cm.; C4, 67 x 52 cm.</subfield>
  </datafield>
  <datafield tag="651" ind1=" " ind2="0">
    <subfield code="a">Asia</subfield>
    <subfield code="z">Middle East</subfield>
    <subfield code="z">Transjordan</subfield>
    <subfield code="v">Maps.</subfield>
  </datafield>
  <datafield tag="720" ind1="2" ind2=" ">
    <subfield code="a">Wagner &amp; Debes</subfield>
    <subfield code="e">, printer</subfield>
  </datafield>
  <datafield tag="913" ind1=" " ind2=" ">
    <subfield code="1">95</subfield>
    <subfield code="2">Publisher</subfield>
    <subfield code="3">Publisher</subfield>
    <subfield code="4">Printer</subfield>
    <subfield code="5">Uncertain</subfield>
    <subfield code="6">Full</subfield>
  </datafield>
  <datafield tag="949" ind1=" " ind2=" ">
    <subfield code="a">MAPS 26-13-A1/2 -- 26-13-C4</subfield>
  </datafield>
  <datafield tag="951" ind1=" " ind2=" ">
    <subfield code="a">115 (A1/2), 111 (A3), 114 (A4), 182 (A5), 110 (B3), 112 (B4), 6 (B5), 113 (C4).</subfield>
  </datafield>
  <datafield tag="999" ind1=" " ind2=" ">
    <subfield code="a">MAP</subfield>
  </datafield>
</record>
